@article{Nehme2020,
    author = {Nehme, Elias and others},
    title = {DeepSTORM3D: Dense 3D localization microscopy and PSF design by deep learning},
    journal = {Nature Methods},
    volume = {17},
    pages = {734--740},
    year = {2020}
}

@article{Ouyang2018,
    author = {Ouyang, Wei and others},
    title = {Deep learning massively accelerates super-resolution localization microscopy},
    journal = {Nature Biotechnology},
    volume = {36},
    pages = {460--468},
    year = {2018}
}

@article{Speiser2021,
    author = {Speiser, Adam and others},
    title = {Deep learning enables fast and dense single-molecule localization with high accuracy},
    journal = {Nature Methods},
    volume = {18},
    pages = {1082--1090},
    year = {2021}
}

@inproceedings{SohlDickstein2015,
    author = {Sohl-Dickstein, Jascha and others},
    title = {Deep unsupervised learning using nonequilibrium thermodynamics},
    booktitle = {International Conference on Learning Representations},
    year = {2015}
}

@inproceedings{Ho2020,
    author = {Ho, Jonathan and others},
    title = {Denoising Diffusion Probabilistic Models},
    booktitle = {Advances in Neural Information Processing Systems},
    year = {2020}
}

@inproceedings{Nanxin2021,
    author = {Nanxin, Chen and others},
    title = {WaveGrad: Estimating Gradients for Waveform Generation},
    booktitle = {International Conference on Learning Representations},
    year = {2021}
}

@article{Chao2016,
    author = {Chao, Jin and others},
    title = {Fisher information theory for parameter estimation in single molecule microscopy: tutorial},
    journal = {Journal of the Optical Society of America A},
    year = {2016}
}

@article{Schermelleh2019,
    author = {Schermelleh, Lothar and others},
    title = {Super-resolution microscopy demystified},
    journal = {Nature Cell Biology},
    volume = {21},
    pages = {72--84},
    year = {2019}
}

@article{Zhang2007,
    author = {Zhang, Bo and others},
    title = {Gaussian approximations of fluorescence microscope point-spread function models},
    journal = {Applied Optics},
    pages = {1819--1819-1829},
    volume = {46},
    year = {2007}
}

@article{Smith2010,
    author = {Smith, Carlas and others},
    title = {Fast, single-molecule localization that achieves theoretically minimum uncertainty},
    journal = {Nature Methods},
    volume = {7},
    pages = {373--375},
    year = {2010}
}

@article{Nieuwenhuizen2013,
    author = {Nieuwenhuizen, R. and others},
    title = {Measuring image resolution in optical nanoscopy},
    journal = {Nature Methods},
    volume = {10},
    pages = {557--562},
    year = {2013}
}

@article{Huang2013,
    author = {Huang, Fang and others},
    title = {Video-rate nanoscopy using sCMOS camera-specific single-molecule localization algorithms},
    journal = {Nature Methods},
    volume = {10},
    pages = {653--658},
    year = {2013}
}

@article{Rust2006,
    author = {Rust, Michael and others},
    title = {Sub-diffraction-limit imaging by stochastic optical reconstruction microscopy (STORM)},
    journal = {Nature Methods},
    volume = {3},
    pages = {793--796},
    year = {2006}
}

@article{Betzig2006,
    author = {Betzig, Eric and others},
    title = {Imaging intracellular fluorescent proteins at nanometer resolution},
    journal = {Science},
    volume = {313},
    pages = {1642--1645},
    year = {2006}
}

@article{Weigert2018,
    author = {Weigert, Martin and others},
    title = {Content-aware image restoration: pushing the limits of fluorescence microscopy},
    journal = {Nature Methods},
    volume = {15},
    pages = {1090},
    year = {2018}
}

@article{Falk2019,
    author = {Falk, Thorsten and others},
    title = {U-Net: deep learning for cell counting, detection, and morphometry},
    journal = {Nature Methods},
    volume = {16},
    pages = {67--70},
    year = {2019}
}

@article{Boyd2018,
    author = {Boyd, Nicholas and others},
    title = {DeepLoco: fast 3D localization microscopy using neural networks},
    journal = {bioRxiv},
    year = {2018}
}

@article{Zelger2018,
    author = {Zelger, Philipp and others},
    title = {Three-dimensional localization microscopy using deep learning},
    journal = {Opt. Express},
    volume = {26},
    pages = {33166--33179},
    year = {2018}
}

@article{Zhang2018,
    author = {Zhang, Peng and others},
    title = {Analyzing complex single-molecule emission patterns with deep learning},
    journal = {Nature Methods},
    volume = {15},
    pages = {913},
    year = {2018}
}

@inproceedings{Song2021,
    author = {Song, Yang and others},
    title = {Score-based generative model through stochastic differential equations},
    booktitle = {International Conference on Learning Representations},
    year = {2021}
}

@inproceedings{Vahdat2021,
    author = {Vahdat, Arash and others},
    title = {Score-based generative modeling in latent space},
    booktitle = {Advances in Neural Information Processing Systems},
    year = {2021}
}

@article{Kingma2013,
    author = {Kingma, Diederik and others},
    title = {Auto encoding variational bayes},
    year = {2013}
}

@inproceedings{Song2019,
    author = {Song, Yang and others},
    title = {Generative modeling by estimating gradients of the data distribution},
    booktitle = {Advances in Neural Information Processing Systems},
    year = {2019}
}

@inproceedings{Kong2023,
    author = {Kong, Xiang and others},
    title = {Information theoretic diffusion},
    booktitle = {International Conference on Learning Representations},
    year = {2023}
}

@inproceedings{Kong2020,
    author = {Kong, Linfeng and others},
    title = {SDE-Net: Equipping Deep Neural Networks with Uncertainty Estimates},
    booktitle = {International Conference on Machine Learning},
    year = {2020}
}

@article{Amersfoort2020,
    author = {van Amersfoort, Jeroen and others},
    title = {Uncertainty Estimation Using a Single Deep Deterministic Neural Network},
    year = {2020}
}

@article{Liu2021,
    author = {Liu, Zhe and others},
    title = {Simple and Principled Uncertainty Estimation with Deterministic Deep Learning via Distance Awareness},
    booktitle = {Advances in Neural Information Processing Systems},
    year = {2021}
}

@article{Gal2022,
    author = {Gal, Yarin and others},
    title = {Bayesian uncertainty quantification for machine-learned models in physics},
    journal = {Nature Physics},
    year = {2022}
}

@inproceedings{Gal2016,
    author = {Gal, Yarin and others},
    title = {Dropout as a Bayesian Approximation: Representing Model Uncertainty in Deep Learning},
    booktitle = {International Conference on Machine Learning},
    year = {2016}
}

@inproceedings{Welling2011,
    author = {Welling, Max and others},
    title = {Bayesian Learning via Stochastic Gradient Langevin Dynamics},
    booktitle = {ICML},
    year = {2011}
}

@article{Saharia2021,
    author = {Saharia, Chinmay and others},
    title = {Image Super-Resolution via Iterative Refinement},
    year = {2021}
}

@article{Kim2019,
    author = {Kim, Tae Hyun and others},
    title = {Information-rich localization microscopy through machine learning},
    journal = {Nature Communications},
    volume = {10},
    pages = {1996},
    year = {2019}
}

@article{Nichol2021,
    author = {Nichol, Alex and Dhariwal, Prafulla},
    title = {Improved denoising diffusion probabilistic models},
    year = {2021}
}

@inproceedings{Rombach2023,
    author = {Rombach, Martin P. and others},
    title = {Understanding Diffusion Objectives as the ELBO with Simple Data Augmentation},
    booktitle = {Advances in Neural Information Processing Systems},
    year = {2023}
}

@inproceedings{Kingma2021,
    author = {Kingma, Diederik and others},
    title = {Variational Diffusion Models},
    booktitle = {Advances in Neural Information Processing Systems},
    year = {2021}
}

@inproceedings{Kingma2023,
    author = {Kingma, Diederik and others},
    title = {Understanding Diffusion Objectives as the ELBO with Simple Data Augmentation},
    booktitle = {Advances in Neural Information Processing Systems},
    year = {2023}
}

@article{Ribeiro2024,
    author = {Ribeiro, Filipe and others},
    title = {Demystifying Variational Diffusion Models},
    year = {2024}
}

@inproceedings{Dirmeier2023,
    author = {Dirmeier, Simon and others},
    title = {Diffusion Models for Probabilistic Programming},
    booktitle = {Advances in Neural Information Processing Systems},
    year = {2023}
}

@misc{Lakshminarayanan2017,
      title={Simple and Scalable Predictive Uncertainty Estimation using Deep Ensembles}, 
      author={Lakshminarayanan, Balaji and others},
      year={2017},
      booktitle = {Advances in Neural Information Processing Systems}
}

@article{Kong2013,
  author={Kong, Hui and others},
  journal={IEEE Transactions on Cybernetics}, 
  title={A Generalized Laplacian of Gaussian Filter for Blob Detection and Its Applications}, 
  year={2013},
  volume={43},
  pages={1719-1733}
}

@article{Richards1959,
  author={Richards and Wolf},
  journal={Proceedings of the Royal Society A}, 
  title={Electromagnetic diffraction in optical systems}, 
  year={1959},
  volume={253},
  pages={1358â€“379}
}

@article{Gibson1989,
author = {Sarah Frisken Gibson and Frederick Lanni},
journal = {J. Opt. Soc. Am. A},
pages = {1357-1367},
title = {Diffraction by a circular aperture as a model for three-dimensional optical microscopy},
volume = {6},
year = {1989},
}