@article{Adam2016,
  author    = {Adam, Dabin J. and Chevallier, O. and Leroy, O. and Baldeyron, C. and Corpet, A. and others},
  title     = {Real-Time Tracking of Parental Histones Reveals Their Contribution to Chromatin Integrity Following DNA Damage},
  journal   = {Mol Cell},
  year      = {2016},
  volume    = {64},
  pages     = {65--78},
  pubmed    = {27642047}
}

@article{Albeanu2008,
  author    = {Albeanu, D.F. and Soucy, E. and Sato, T.F. and Meister, M. and Murthy, V.N.},
  title     = {LED arrays as cost effective and efficient light sources for widefield microscopy},
  journal   = {PLoS One},
  year      = {2008},
  volume    = {3},
  pages     = {e2146},
  pubmed    = {18478056}
}

@article{Amitai2013,
  author    = {Amitai, A. and Holcman, D.},
  title     = {Polymer model with long-range interactions: analysis and applications to the chromatin structure},
  journal   = {Phys Rev E Stat Nonlin Soft Matter Phys},
  year      = {2013},
  volume    = {88},
  pages     = {052604},
  pubmed    = {24329289}
}

@article{Amitai2017,
  author    = {Amitai, A. and Seeber, A. and Gasser, S.M. and Holcman, D.},
  title     = {Visualization of Chromatin Decompaction and Break Site Extrusion as Predicted by Statistical Polymer Modeling of Single-Locus Trajectories},
  journal   = {Cell Rep},
  year      = {2017},
  volume    = {18},
  pages     = {1200--1214},
  pubmed    = {28147275}
}

@article{Amitai2015,
  author    = {Amitai, A. and Toulouze, M. and Dubrana, K. and Holcman, D.},
  title     = {Analysis of Single Locus Trajectories for Extracting In Vivo Chromatin Tethering Interactions},
  journal   = {PLoS Comput Biol},
  year      = {2015},
  volume    = {11},
  pages     = {e1004433},
  pubmed    = {26317360}
}

@article{Anton2014,
  author    = {Anton, T. and Bultmann, S. and Leonhardt, H. and Markaki, Y.},
  title     = {Visualization of specific DNA sequences in living mouse embryonic stem cells with a programmable fluorescent CRISPR/Cas system},
  journal   = {Nucleus},
  year      = {2014},
  volume    = {5},
  pages     = {163--172},
  pubmed    = {24637835}
}

@article{Auerbach2009,
  author    = {Auerbach, R.K. and Euskirchen, G. and Rozowsky, J. and Lamarre-Vincent, N. and Moqtaderi, Z. and Lefrancois, P. and others},
  title     = {Mapping accessible chromatin regions using Sono-Seq},
  journal   = {Proc Natl Acad Sci U S A},
  year      = {2009},
  volume    = {106},
  pages     = {14926--14931},
  pubmed    = {19706456}
}

@article{Avogaro2018,
  author    = {Avogaro, L. and Querido, E. and Dalachi, M. and Jantsch, M.F. and Chartrand, P. and Cusanelli, E.},
  title     = {Live-cell imaging reveals the dynamics and function of single-telomere TERRA molecules in cancer cells},
  journal   = {RNA Biol},
  year      = {2018},
  volume    = {15},
  pages     = {787--796},
  pubmed    = {29658398}
}

@article{Backlund2014,
  author    = {Backlund, M.P. and Joyner, R. and Weis, K. and Moerner, W.E.},
  title     = {Correlations of three-dimensional motion of chromosomal loci in yeast revealed by the double-helix point spread function microscope},
  journal   = {Mol Biol Cell},
  year      = {2014},
  volume    = {25},
  pages     = {3619--3629},
  pubmed    = {25318676}
}

@article{Badieirostami2010,
  author    = {Badieirostami, M. and Lew, M.D. and Thompson, M.A. and Moerner, W.E.},
  title     = {Three-dimensional localization precision of the double-helix point spread function versus astigmatism and biplane},
  journal   = {Appl Phys Lett},
  year      = {2010},
  volume    = {97},
  pages     = {161103},
  pubmed    = {21079725}
}

@article{Baker2010,
  author    = {Baker, S.M. and Buckheit, R.W. 3rd and Falk, M.M.},
  title     = {Green-to-red photoconvertible fluorescent proteins: tracking cell and protein dynamics on standard wide-field mercury arc-based microscopes},
  journal   = {BMC Cell Biol},
  year      = {2010},
  volume    = {11},
  pages     = {15},
  pubmed    = {20175925}
}

@article{Bao2021,
  author    = {Bao, G. and Tang, M. and Zhao, J. and Zhu, X.},
  title     = {Nanobody: a promising toolkit for molecular imaging and disease therapy},
  journal   = {EJNMMI Res},
  year      = {2021},
  volume    = {11},
  pages     = {6},
  pubmed    = {33464410}
}

@article{Barth2020,
  author    = {Barth, R. and Bystricky, K. and Shaban, H.A.},
  title     = {Coupling chromatin structure and dynamics by live super-resolution imaging},
  journal   = {Sci Adv},
  year      = {2020},
  volume    = {6},
  pages     = {eaaz2196},
}

@article{Bayani2004,
  author    = {Bayani, J. and Squire, J.A.},
  title     = {Fluorescence in situ Hybridization (FISH)},
  journal   = {Curr Protoc Cell Biol},
  year      = {2004},
  volume    = {Chapter 22},
  pages     = {Unit 22 4},
  pubmed    = {18228455}
}

@article{Beliveau2015,
  author    = {Beliveau, B.J. and Boettiger, A.N. and Avendano, M.S. and Jungmann, R. and McCole, R.B. and Joyce, E.F. and others},
  title     = {Single-molecule super-resolution imaging of chromosomes and in situ haplotype visualization using Oligopaint FISH probes},
  journal   = {Nat Commun},
  year      = {2015},
  volume    = {6},
  pages     = {7147},
  pubmed    = {25962338}
}

@article{Belmont2001,
  author    = {Belmont, A.S.},
  title     = {Visualizing chromosome dynamics with GFP},
  journal   = {Trends Cell Biol},
  year      = {2001},
  volume    = {11},
  pages     = {250--257},
  pubmed    = {11356361}
}

@article{Bintu2018,
  author    = {Bintu, B. and Mateo, L.J. and Su, J.H. and Sinnott-Armstrong, N.A. and Parker, M. and Kinrot, S. and others},
  title     = {Super-resolution chromatin tracing reveals domains and cooperative interactions in single cells},
  journal   = {Science},
  year      = {2018},
  volume    = {362},
  pages     = {eaau1783},
  pubmed    = {30409851}
}
@article{Bronshtein2015,
  author    = {Bronshtein, I. and Kepten, E. and Kanter, I. and Berezin, S. and Lindner, M. and Redwood, A.B. and others},
  title     = {Loss of lamin A function increases chromatin dynamics in the nuclear interior},
  journal   = {Nat Commun},
  year      = {2015},
  volume    = {6},
  pages     = {8044},
  pubmed    = {26299252}
}

@article{Bu2019,
  author    = {Bu, P. and Nagar, S. and Bhagwat, M. and Kaur, P. and Shah, A. and Zeng, J. and others},
  title     = {DNA damage response activates respiration and thereby enlarges dNTP pools to promote cell survival in budding yeast},
  journal   = {J Biol Chem},
  year      = {2019},
  volume    = {294},
  pages     = {9771--86},
  pubmed    = {31073026}
}

@article{Burov2013,
  author    = {Burov, S. and Tabei, S.M. and Huynh, T. and Murrell, M.P. and Philipson, L.H. and Rice, S.A. and others},
  title     = {Distribution of directional change as a signature of complex dynamics},
  journal   = {Proc Natl Acad Sci U S A},
  year      = {2013},
  volume    = {110},
  pages     = {19689--94},
  pubmed    = {24248363}
}

@article{Chang2019,
  author    = {Chang, B.J. and Kittisopikul, M. and Dean, K.M. and Roudot, P. and Welf, E.S. and Fiolka, R.},
  title     = {Universal light-sheet generation with field synthesis},
  journal   = {Nature methods},
  year      = {2019},
  volume    = {16},
  pages     = {235--8},
  pubmed    = {30804550}
}

@article{Chazotte2011,
  author    = {Chazotte, B.},
  title     = {Labeling nuclear DNA using DAPI},
  journal   = {Cold Spring Harb Protoc},
  year      = {2011},
  volume    = {2011},
  pages     = {pdb prot5556},
  pubmed    = {21205856}
}

@article{Cheblal2020,
  author    = {Cheblal, A. and Challa, K. and Seeber, A. and Shimada, K. and Yoshida, H. and Ferreira, H.C. and others},
  title     = {DNA Damage-Induced Nucleosome Depletion Enhances Homology Search Independently of Local Break Movement},
  journal   = {Mol Cell},
  year      = {2020},
  volume    = {80},
  pages     = {311--26.e4},
  pubmed    = {32970994}
}

@article{Chen2013,
  author    = {Chen, B. and Gilbert, L.A. and Cimini, B.A. and Schnitzbauer, J. and Zhang, W. and Li, G.W. and others},
  title     = {Dynamic imaging of genomic loci in living human cells by an optimized CRISPR/Cas system},
  journal   = {Cell},
  year      = {2013},
  volume    = {155},
  pages     = {1479--91},
  pubmed    = {24360272}
}

@article{Chen2016,
  author    = {Chen, B. and Guan, J. and Huang, B.},
  title     = {Imaging Specific Genomic DNA in Living Cells},
  journal   = {Annu Rev Biophys},
  year      = {2016},
  volume    = {45},
  pages     = {1--23},
  pubmed    = {27145877}
}

@article{Chen2014,
  author    = {Chen, B.C. and Legant, W.R. and Wang, K. and Shao, L. and Milkie, D.E. and Davidson, M.W. and others},
  title     = {Lattice lightsheet microscopy: imaging molecules to embryos at high spatiotemporal resolution},
  journal   = {Science},
  year      = {2014},
  volume    = {346},
  pages     = {1257998},
  pubmed    = {25342811}
}

@article{Chenouard2014,
  author    = {Chenouard, N. and others},
  title     = {Objective comparison of particle tracking methods},
  journal   = {Nature Methods},
  year      = {2014},
  volume    = {11},
  pages     = {281--289},
  pubmed    = {24441936}
}

@article{Chertkov2010,
  author    = {Chertkov, M. and Kroc, L. and Krzakala, F. and Vergassola, M. and Zdeborova, L.},
  title     = {Inference in particle tracking experiments by passing messages between images},
  journal   = {Proc Natl Acad Sci U S A},
  year      = {2010},
  volume    = {107},
  pages     = {7663--8},
  pubmed    = {20368454}
}

@article{Chien2009,
  author    = {Chien, F.T. and van Noort, J.},
  title     = {10 years of tension on chromatin: results from single molecule force spectroscopy},
  journal   = {Curr Pharm Biotechnol},
  year      = {2009},
  volume    = {10},
  pages     = {474--85},
  pubmed    = {19689315}
}

@article{Chiolo2011,
  author    = {Chiolo, I. and Minoda, A. and Colmenares, S.U. and Polyzos, A. and Costes, S.V. and Karpen, G.H.},
  title     = {Double-strand breaks in heterochromatin move outside of a dynamic HP1a domain to complete recombinational repair},
  journal   = {Cell},
  year      = {2011},
  volume    = {144},
  pages     = {732--44},
  pubmed    = {21353298}
}

@article{Choi2011,
  author    = {Choi, Y.S. and Hoon Jeong, J. and Min, H.K. and Jung, H.J. and Hwang, D. and Lee, S.W. and others},
  title     = {Shot-gun proteomic analysis of mitochondrial D-loop DNA binding proteins: identification of mitochondrial histones},
  journal   = {Mol Biosyst},
  year      = {2011},
  volume    = {7},
  pages     = {1523--36},
  pubmed    = {21359316}
}

@article{Choy2012,
  author    = {Choy, J.S. and Lee, T.H.},
  title     = {Structural dynamics of nucleosomes at single-molecule resolution},
  journal   = {Trends Biochem Sci},
  year      = {2012},
  volume    = {37},
  pages     = {425--35},
  pubmed    = {22831768}
}

@article{Chubb2002,
  author    = {Chubb, J.R. and Boyle, S. and Perry, P. and Bickmore, W.A.},
  title     = {Chromatin motion is constrained by association with nuclear compartments in human cells},
  journal   = {Curr Biol},
  year      = {2002},
  volume    = {12},
  pages     = {439--45},
  pubmed    = {11909528}
}

@article{Cisse2013,
  author    = {Cisse, I.I. and Izeddin, I. and Causse, S.Z. and Boudarene, L. and Senecal, A. and Muresan, L. and others},
  title     = {Real-time dynamics of RNA polymerase II clustering in live human cells},
  journal   = {Science},
  year      = {2013},
  volume    = {341},
  pages     = {664--7},
  pubmed    = {23828889}
}

@article{Clapier2009,
  author    = {Clapier, C.R. and Cairns, B.R.},
  title     = {The biology of chromatin remodeling complexes},
  journal   = {Annu Rev Biochem},
  year      = {2009},
  volume    = {78},
  pages     = {273--304},
  pubmed    = {19355820}
}

@article{Conic2018,
  title={Imaging of native transcription factors and histone phosphorylation at high resolution in live cells},
  author={Conic, S and Desplancq, D and Ferrand, A and Fischer, V and Heyer, V and Reina San Martin, B and others},
  journal={Journal of Cell Biology},
  year={2018},
  volume={217},
  pages={1537–1552},
  pmid={29440513}
}

@article{Crum2004,
  title={Non-rigid image registration: theory and practice},
  author={Crum, WR and Hartkens, T and Hill, DL},
  journal={British Journal of Radiology},
  year={2004},
  volume={77 Spec No 2},
  pages={S140–S153},
  pmid={15677356}
}

@article{Culley2018,
  title={Quantitative mapping and minimization of super-resolution optical imaging artifacts},
  author={Culley, S and Albrecht, D and Jacobs, C and Pereira, PM and Leterrier, C and Mercer, J and others},
  journal={Nature Methods},
  year={2018},
  volume={15},
  pages={263–266},
  pmid={29457791}
}

@article{Greengard2006,
  title={Depth from diffracted rotation},
  author={Greengard, A and Schechner, YY and Piestun, R},
  journal={Optics Letters},
  year={2006},
  volume={31},
  pages={181–183},
  pmid={16441023}
}

@article{Cuvier2017,
  title={Dynamic chromatin technologies: from individual molecules to epigenomic regulation in cells},
  author={Cuvier, O and Fierz, B},
  journal={Nature Reviews Genetics},
  year={2017},
  volume={18},
  pages={457–472},
  pmid={28529337}
}

@article{Das2003,
  title={In vivo time-lapse imaging of cell divisions during neurogenesis in the developing zebrafish retina},
  author={Das, T and Payer, B and Cayouette, M and Harris, WA},
  journal={Neuron},
  year={2003},
  volume={37},
  pages={597–609},
  pmid={12597858}
}

@article{Deng2015,
  title={CASFISH: CRISPR/Cas9-mediated in situ labeling of genomic loci in fixed cells},
  author={Deng, W and Shi, X and Tjian, R and Lionnet, T and Singer, RH},
  journal={Proceedings of the National Academy of Sciences of the United States of America},
  year={2015},
  volume={112},
  pages={11870–11875},
  pmid={26324940}
}

@article{Ding2017,
  title={Visualization of a Specific Genome Locus by the lacO/LacI-GFP System},
  author={Ding, DQ and Hiraoka, Y},
  journal={Cold Spring Harbor Protocols},
  year={2017},
  volume={2017},
  pages={pdb prot091934},
  pmid={28733400}
}

@article{Dion2013,
  title={Chromatin movement in the maintenance of genome stability},
  author={Dion, V and Gasser, SM},
  journal={Cell},
  year={2013},
  volume={152},
  pages={1355–1364},
  pmid={23498942}
}

@article{Dion2013a,
  title={Increased mobility of double-strand breaks requires Mec1, Rad9 and the homologous recombination machinery},
  author={Dion, V and Kalck, V and Horigome, C and Towbin, BD and Gasser, SM},
  journal={Nature Cell Biology},
  year={2013}
}

@article{Dion2013b,
  title={Cohesin and the nucleolus constrain the mobility of spontaneous repair foci},
  author={Dion, V and Kalck, V and Seeber, A and Schleker, T and Gasser, SM},
  journal={EMBO Reports},
  year={2013},
  volume={14},
  pages={984–991},
  pmid={24018421}
}

@article{Elf2007,
  title={Probing transcription factor dynamics at the single-molecule level in a living cell},
  author={Elf, J and Li, GW and Xie, XS},
  journal={Science},
  year={2007},
  volume={316},
  pages={1191–1194},
  pmid={17525339}
}

@article{Fierz2016,
  title={Dynamic Chromatin Regulation from a Single Molecule Perspective},
  author={Fierz, B},
  journal={ACS Chemical Biology},
  year={2016},
  volume={11},
  pages={609–620},
  pmid={26565113}
}

@article{Fierz2012,
  title={Chromatin as an expansive canvas for chemical biology},
  author={Fierz, B and Muir, TW},
  journal={Nature Chemical Biology},
  year={2012},
  volume={8},
  pages={417–427},
  pmid={22510649}
}

@article{Fierz2019,
  title={Biophysics of Chromatin Dynamics},
  author={Fierz, B and Poirier, MG},
  journal={Annual Review of Biophysics},
  year={2019},
  volume={48},
  pages={321–345}
}

@article{Finn2017,
  title={Comparative analysis of 2D and 3D distance measurements to study spatial genome organization},
  author={Finn, EH and Pegoraro, G and Shachar, S and Misteli, T},
  journal={Methods},
  year={2017},
  volume={123},
  pages={47–55},
  pmid={28179124}
}

@article{Galland2015,
  title={3D high- and super-resolution imaging using single-objective SPIM},
  author={Galland, R and Grenci, G and Aravind, A and Viasnoff, V and Studer, V and Sibarita, JB},
  journal={Nature Methods},
  year={2015},
  volume={12},
  pages={641–644},
  pmid={25961414}
}

@article{Gao2019,
  title={Cortical column and whole-brain imaging with molecular contrast and nanoscale resolution},
  author={Gao, R and Asano, SM and Upadhyayula, S and Pisarev, I and Milkie, DE and Liu, TL and others},
  journal={Science},
  year={2019},
  volume={363}
}

@article{Gasser2002,
  title={Visualizing chromatin dynamics in interphase nuclei},
  author={Gasser, SM},
  journal={Science},
  year={2002},
  volume={296},
  pages={1412–1416},
  pmid={12029120}
}

@article{Gebhardt2013,
  title={Single-molecule imaging of transcription factor binding to DNA in live mammalian cells},
  author={Gebhardt, JC and Suter, DM and Roy, R and Zhao, ZW and Chapman, AR and Basu, S and others},
  journal={Nature Methods},
  year={2013},
  volume={10},
  pages={421–426},
  pmid={23524394}
}

@article{Godinez2015,
  title={Tracking multiple particles in fluorescence time-lapse microscopy images via probabilistic data association},
  author={Godinez, WJ and Rohr, K},
  journal={IEEE Transactions on Medical Imaging},
  year={2015},
  volume={34},
  pages={415–432},
  pmid={25252280}
}

@article{Grant2018,
  title={Superresolution microscopy reveals structural mechanisms driving the nanoarchitecture of a viral chromatin tether},
  author={Grant, MJ and Loftus, MS and Stoja, AP and Kedes, DH and Smith, MM},
  journal={Proceedings of the National Academy of Sciences of the United States of America},
  year={2018},
  volume={115},
  pages={4992–4997},
  pmid={29610353}
}

@article{Green2017,
  title={Estimating the Concentration of DNA by Fluorometry Using Hoechst 33258},
  author={Green, MR and Sambrook, J},
  journal={Cold Spring Harbor Protocols},
  year={2017},
  volume={2017}
}

@article{Grier1996,
  title={Methods of Digital Video Microscopy for Colloidal Studies},
  author={Grier, CDG},
  journal={Journal of Colloid & Interface Science},
  year={1996}
}

@article{Grimm2017,
  title={A general method to fine-tune fluorophores for live-cell and in vivo imaging},
  author={Grimm, JB and Muthusamy, AK and Liang, Y and Brown, TA and Lemon, WC and Patel, R and others},
  journal={Nature Methods},
  year={2017},
  volume={14},
  pages={987–994},
  pmid={28869757}
}

@article{Groth2007,
  title={Chromatin challenges during DNA replication and repair},
  author={Groth, A. and Rocha, W. and Verreault, A. and Almouzni, G.},
  journal={Cell},
  year={2007},
  volume={128},
  pages={721--733},
  pmid={17320509}
}

@article{Gu2018,
  title={Transcription-coupled changes in nuclear mobility of mammalian cis-regulatory elements},
  author={Gu, B. and Swigut, T. and Spencley, A. and Bauer, M.R. and Chung, M. and Meyer, T. and others},
  journal={Science},
  year={2018},
  volume={359},
  pages={1050--1055},
  pmid={29371426}
}

@article{Haimovich2019,
  title={Detection of mRNA Transfer Between Mammalian Cells in Coculture by Single-Molecule Fluorescent In Situ Hybridization (smFISH)},
  author={Haimovich, G. and Gerst, J.E.},
  journal={Methods Mol Biol},
  year={2019},
  volume={2038},
  pages={109--129},
  pmid={31407281}
}

@article{Hajjoul2013,
  title={High-throughput chromatin motion tracking in living yeast reveals the flexibility of the fiber throughout the genome},
  author={Hajjoul, H. and Mathon, J. and Ranchon, H. and Goiffon, I. and Mozziconacci, J. and Albert, B. and others},
  journal={Genome Res},
  year={2013},
  volume={23},
  pages={1829--1838},
  pmid={24077391}
}

@article{Han2019,
  title={Membrane-Penetrating Carbon Quantum Dots for Imaging Nucleic Acid Structures in Live Organisms},
  author={Han, G. and Zhao, J. and Zhang, R. and Tian, X. and Liu, Z. and Wang, A. and others},
  journal={Angew Chem Int Ed Engl},
  year={2019},
  volume={58},
  pages={7087--7091},
  pmid={30912239}
}

@article{Hansen2017,
  title={CTCF and cohesin regulate chromatin loop stability with distinct dynamics},
  author={Hansen, A.S. and Pustova, I. and Cattoglio, C. and Tjian, R. and Darzacq, X.},
  journal={Elife},
  year={2017},
  volume={6}
}

@article{Hattori2009,
  title={Single-molecule Imaging with an Inexpensive UV-LED Light Source},
  author={Hattori, A. and Habuchi, S. and Vacha, M.},
  journal={Chemistry Letters},
  year={2009},
  volume={38},
  pages={234--235}
}

@article{Hauer2017,
  title={Histone degradation in response to DNA damage enhances chromatin dynamics and recombination rates},
  author={Hauer, M.H. and Seeber, A. and Singh, V. and Thierry, R. and Sack, R. and Amitai, A. and others},
  journal={Nat Struct Mol Biol},
  year={2017},
  volume={24},
  pages={99--107},
  pmid={28067915}
}

@article{Hihara2012,
  title={Local nucleosome dynamics facilitate chromatin accessibility in living mammalian cells},
  author={Hihara, S. and Pack, C.G. and Kaizu, K. and Tani, T. and Hanafusa, T. and Nozaki, T. and others},
  journal={Cell Rep},
  year={2012},
  volume={2},
  pages={1645--1656},
  pmid={23246002}
}

@article{Holcman2015,
  title={Analysis and Interpretation of Superresolution Single-Particle Trajectories},
  author={Holcman, D. and Hoze, N. and Schuss, Z.},
  journal={Biophys J},
  year={2015},
  volume={109},
  pages={1761--1771},
  pmid={26536253}
}

@article{Hoze2015,
  title={Recovering a stochastic process from super-resolution noisy ensembles of single-particle trajectories},
  author={Hoze, N. and Holcman, D.},
  journal={Phys Rev E Stat Nonlin Soft Matter Phys},
  year={2015},
  volume={92},
  pages={052109},
  pmid={26651649}
}

@article{Hoze2012,
  title={Heterogeneity of AMPA receptor trafficking and molecular interactions revealed by superresolution analysis of live cell imaging},
  author={Hoze, N. and Nair, D. and Hosy, E. and Sieben, C. and Manley, S. and Herrmann, A. and others},
  journal={Proc Natl Acad Sci U S A},
  year={2012},
  volume={109},
  pages={17052--17057},
  pmid={23035245}
}

@article{Huang2008,
  title={Three-dimensional super-resolution imaging by stochastic optical reconstruction microscopy},
  author={Huang, B. and Wang, W. and Bates, M. and Zhuang, X.},
  journal={Science},
  year={2008},
  volume={319},
  pages={810--813},
  pmid={18174397}
}

@article{Huang2020,
  title={Physical and data structure of 3D genome},
  author={Huang, K. and Li, Y. and Shim, A.R. and Virk, R.K.A. and Agrawal, V. and Eshein, A. and others},
  journal={Sci Adv},
  year={2020},
  volume={6},
  pages={eaay4055},
  pmid={31950084}
}

@article{Hu2013,
  title={Light-sheet Bayesian microscopy enables deep-cell super-resolution imaging of heterochromatin in live human embryonic stem cells},
  author={Hu, Y.S. and Zhu, Q. and Elkins, K. and Tse, K. and Li, Y. and Fitzpatrick, J.A. and others},
  journal={Opt Nanoscopy},
  year={2013},
  volume={2}
}

@article{Iourov2017,
  title={Quantitative Fluorescence In Situ Hybridization (QFISH)},
  author={Iourov, I.Y.},
  journal={Methods Mol Biol},
  year={2017},
  volume={1541},
  pages={143--149},
  pmid={27910021}
}

@article{Jaqaman2008,
  title={Robust single-particle tracking in live-cell time-lapse sequences},
  author={Jaqaman, K. and Loerke, D. and Mettlen, M. and Kuwata, H. and Grinstein, S. and Schmid, S.L. and others},
  journal={Nat Methods},
  year={2008},
  volume={5},
  pages={695--702},
  pmid={18641657}
}

@article{Jungmann2016,
  title={Quantitative super-resolution imaging with qPAINT},
  author={Jungmann, R. and Avendano, M.S. and Dai, M. and Woehrstein, J.B. and Agasti, S.S. and Feiger, Z. and others},
  journal={Nat Methods},
  year={2016},
  volume={13},
  pages={439--442},
  pmid={27018580}
}

@article{Kanda1998,
  title={Histone-GFP fusion protein enables sensitive analysis of chromosome dynamics in living mammalian cells},
  author={Kanda, T. and Sullivan, K.F. and Wahl, G.M.},
  journal={Curr Biol},
  year={1998},
  volume={8},
  pages={377--385},
  pmid={9545195}
}

@article{Kefer2021,
  title={Performance of deep learning restoration methods for the extraction of particle dynamics in noisy microscopy image sequences},
  author={Kefer, P. and Iqbal, F. and Locatelli, M. and Lawrimore, J. and Zhang, M. and Bloom, K. and others},
  journal={Mol Biol Cell},
  year={2021},
  volume={32},
  pages={903--914},
  pmid={33502895}
}

@article{Keller2015,
  title={Light-sheet imaging for systems neuroscience},
  author={Keller, P.J. and Ahrens, M.B. and Freeman, J.},
  journal={Nature methods},
  year={2015},
  volume={12},
  pages={27--29},
  pmid={25549267}
}

@article{Keller2010,
  title={Fast, high-contrast imaging of animal development with scanned light sheet-based structured-illumination microscopy},
  author={Keller, PJ and Schmidt, AD and Santella, A and Khairy, K and Bao, Z and Wittbrodt, J and others},
  journal={Nature methods},
  year={2010},
  volume={7},
  pages={637--642},
  pmid={20601950}
}

@article{Keller2008,
  title={Reconstruction of zebrafish early embryonic development by scanned light sheet microscopy},
  author={Keller, PJ and Schmidt, AD and Wittbrodt, J and Stelzer, EH},
  journal={Science},
  year={2008},
  volume={322},
  pages={1065--1069},
  pmid={18845710}
}

@article{Kim2011,
  title={Nonrigid registration of 2-D and 3-D dynamic cell nuclei images for improved classification of subcellular particle motion},
  author={Kim, IH and Chen, YC and Spector, DL and Eils, R and Rohr, K},
  journal={IEEE Trans Image Process},
  year={2011},
  volume={20},
  pages={1011--1022},
  pmid={20840894}
}

@article{Kirubarajan2004,
  title={Probabilistic data association techniques for target tracking in clutter},
  author={Kirubarajan, T and Bar-Shalom, Y},
  journal={Proceedings of the IEEE},
  year={2004},
  volume={92},
  pages={536--557}
}

@article{Knight2015,
  title={Dynamics of CRISPR-Cas9 genome interrogation in living cells},
  author={Knight, SC and Xie, L and Deng, W and Guglielmi, B and Witkowsky, LB and Bosanac, L and others},
  journal={Science},
  year={2015},
  volume={350},
  pages={823--826},
  pmid={26564855}
}

@article{Kruithof2009,
  title={Single-molecule force spectroscopy reveals a highly compliant helical folding for the 30-nm chromatin fiber},
  author={Kruithof, M and Chien, FT and Routh, A and Logie, C and Rhodes, D and van Noort, J},
  journal={Nature structural \& molecular biology},
  year={2009},
  volume={16},
  pages={534--540}
}

@article{Kundukad2014,
  title={Effect of YOYO-1 on the mechanical properties of DNA},
  author={Kundukad, B and Yan, J and Doyle, PS},
  journal={Soft Matter},
  year={2014},
  volume={10},
  pages={9721--9728},
  pmid={25366273}
}

@article{Laprade2020,
  title={Single-Molecule Imaging of Telomerase RNA Reveals a Recruitment-Retention Model for Telomere Elongation},
  author={Laprade, H and Querido, E and Smith, MJ and Guerit, D and Crimmins, H and Conomos, D and others},
  journal={Mol Cell},
  year={2020},
  volume={79},
  pages={115--126.e6},
  pmid={32497497}
}

@article{Lerner2020,
  title={Two-Parameter Mobility Assessments Discriminate Diverse Regulatory Factor Behaviors in Chromatin},
  author={Lerner, J and Gomez-Garcia, PA and McCarthy, RL and Liu, Z and Lakadamyali, M and Zaret, KS},
  journal={Mol Cell},
  year={2020},
  volume={79},
  pages={677--688.e6},
  pmid={32574554}
}

@article{Lakadamyali2020,
  title={Visualizing the genome in high resolution challenges our textbook understanding},
  author={Lakadamyali, M and Cosma, MP},
  journal={Nat Methods},
  year={2020},
  volume={17},
  pages={371--379},
  pmid={32123395}
}

@article{Levi2005,
  title={Chromatin dynamics in interphase cells revealed by tracking in a two-photon excitation microscope},
  author={Levi, V and Ruan, Q and Plutz, M and Belmont, AS and Gratton, E},
  journal={Biophys J},
  year={2005},
  volume={89},
  pages={4275--4285},
  pmid={16150965}
}

@article{Li2021,
  title={High-speed super-resolution imaging of rotationally symmetric structures using SPEED microscopy and 2D-to-3D transformation},
  author={Li, Y and Tingey, M and Ruba, A and Yang, W},
  journal={Nat Protoc},
  year={2021},
  volume={16},
  pages={532--560},
  pmid={33318694}
}

@article{Li2016,
  title={FACT Remodels the Tetranucleosomal Unit of Chromatin Fibers for Gene Transcription},
  author={Li, W and Chen, P and Yu, J and Dong, L and Liang, D and Feng, J and others},
  journal={Mol Cell},
  year={2016},
  volume={64},
  pages={120--133},
  pmid={27666592}
}

@article{Lindhout2007,
  title={Live cell imaging of repetitive DNA sequences via GFP-tagged polydactyl zinc finger proteins},
  author={Lindhout, BI and Fransz, P and Tessadori, F and Meckel, T and Hooykaas, PJ and van der Zaal, BJ},
  journal={Nucleic Acids Res},
  year={2007},
  volume={35},
  pages={e107},
  pmid={17704126}
}

@article{Lindhout2010,
  title={Zinc finger-mediated live cell imaging in Arabidopsis roots},
  author={Lindhout, BI and Meckel, T and van der Zaal, BJ},
  journal={Methods Mol Biol},
  year={2010},
  volume={649},
  pages={383--398},
  pmid={20680848}
}

@article{Liss2015,
  title={Self-labelling enzymes as universal tags for fluorescence microscopy, super-resolution microscopy and electron microscopy},
  author={Liss, V and Barlag, B and Nietschke, M and Hensel, M},
  journal={Sci Rep},
  year={2015},
  volume={5},
  pages={17740},
  pmid={26643905}
}

@article{Loiodice2014,
  title={Scoring and manipulating gene position and dynamics using FROS in budding yeast},
  author={Loiodice, I and Dubarry, M and Taddei, A},
  journal={Curr Protoc Cell Biol},
  year={2014},
  volume={62},
  pages={Unit 22 17 1--4},
  pmid={24610125}
}

@article{Lukinavicius2015,
  title={SiR-Hoechst is a far-red DNA stain for live-cell nanoscopy},
  author={Lukinavicius, G and Blaukopf, C and Pershagen, E and Schena, A and Reymond, L and Derivery, E and others},
  journal={Nat Commun},
  year={2015},
  volume={6},
  pages={8497},
  pmid={26423723}
}

@article{Ma2015,
  title={Multicolor CRISPR labeling of chromosomal loci in human cells},
  author={Ma, H and Naseri, A and Reyes-Gutierrez, P and Wolfe, SA and Zhang, S and Pederson, T},
  journal={Proc Natl Acad Sci U S A},
  year={2015},
  volume={112},
  pages={3002--3007},
  pmid={25713381}
}

@article{Ma2013,
  title={Visualization of repetitive DNA sequences in human chromosomes with transcription activator-like effectors},
  author={Ma, H and Reyes-Gutierrez, P and Pederson, T},
  journal={Proc Natl Acad Sci U S A},
  year={2013},
  volume={110},
  pages={21048--21053},
  pmid={24324157}
}

@article{Ma2016,
  title={Multiplexed labeling of genomic loci with dCas9 and engineered sgRNAs using CRISPRainbow},
  author={Ma, H and Tu, LC and Naseri, A and Huisman, M and Zhang, S and Grunwald, D and others},
  journal={Nat Biotechnol},
  year={2016},
  volume={34},
  pages={528--530},
  pmid={27088723}
}

@article{Ma2019,
  title={Quantum Dot Nanobeacons for Single RNA Labeling and Imaging},
  author={Ma, Y and Mao, G and Huang, W and Wu, G and Yin, W and Ji, X and others},
  journal={J Am Chem Soc},
  year={2019},
  volume={141},
  pages={13454--13458},
  pmid={31339040}
}

@article{Maintz1998,
  author = {Maintz, JB and Viergever, MA},
  title = {A survey of medical image registration},
  journal = {Med Image Anal},
  year = {1998},
  volume = {2},
  pages = {1--36},
  pubmed = {10638851}
}

@article{Manley2008,
  author = {Manley, S and Gillette, JM and Patterson, GH and Shroff, H and Hess, HF and Betzig, E and others},
  title = {High-density mapping of single-molecule trajectories with photoactivated localization microscopy},
  journal = {Nat Methods},
  year = {2008},
  volume = {5},
  pages = {155--7},
  pubmed = {18193054}
}

@article{Marshall1997,
  author = {Marshall, WF and Straight, A and Marko, JF and Swedlow, J and Dernburg, A and Belmont, A and others},
  title = {Interphase chromosomes undergo constrained diffusional motion in living cells},
  journal = {Current Biology},
  year = {1997},
  volume = {7},
  pages = {930--9},
  pubmed = {9382846}
}

@article{Martin2005,
  author = {Martin, RM and Leonhardt, H and Cardoso, MC},
  title = {DNA labeling in living cells},
  journal = {Cytometry A},
  year = {2005},
  volume = {67},
  pages = {45--52},
  pubmed = {16082711}
}

@article{Matea2017,
  author = {Matea, CT and Mocan, T and Tabaran, F and Pop, T and Mosteanu, O and Puia, C and others},
  title = {Quantum dots in imaging, drug delivery and sensor applications},
  journal = {Int J Nanomedicine},
  year = {2017},
  volume = {12},
  pages = {5421--31},
  pubmed = {28814860}
}

@article{Misteli2007,
  author = {Misteli, T},
  title = {Beyond the sequence: cellular organization of genome function},
  journal = {Cell},
  year = {2007},
  volume = {128},
  pages = {787--800},
  pubmed = {17320514}
}

@article{Mockl2019,
  author = {Mockl, L and Pedram, K and Roy, AR and Krishnan, V and Gustavsson, AK and Dorigo, O and others},
  title = {Quantitative super-resolution microscopy of the mammalian glycocalyx},
  journal = {Dev Cell},
  year = {2019},
  volume = {50},
  pages = {57--72.e6},
  pubmed = {31105009}
}

@article{Moffitt2016,
  author = {Moffitt, JR and Zhuang, X},
  title = {RNA imaging with multiplexed error-robust fluorescence in situ hybridization (MERFISH)},
  journal = {Methods Enzymol},
  year = {2016},
  volume = {572},
  pages = {1--49},
  pubmed = {27241748}
}

@article{Mor2010,
  author = {Mor, A and Suliman, S and Ben-Yishay, R and Yunger, S and Brody, Y and Shav-Tal, Y},
  title = {Dynamics of single mRNP nucleocytoplasmic transport and export through the nuclear pore in living cells},
  journal = {Nat Cell Biol},
  year = {2010},
  volume = {12},
  pages = {543--52},
  pubmed = {20453848}
}

@article{MoraBermudez2007,
  author = {Mora-Bermudez, F and Ellenberg, J},
  title = {Measuring structural dynamics of chromosomes in living cells by fluorescence microscopy},
  journal = {Methods},
  year = {2007},
  volume = {41},
  pages = {158--67},
  pubmed = {17189858}
}

@article{Nagashima2019,
  author = {Nagashima, R and Hibino, K and Ashwin, SS and Babokhov, M and Fujishiro, S and Imai, R and others},
  title = {Single nucleosome imaging reveals loose genome chromatin networks via active RNA polymerase II},
  journal = {J Cell Biol},
  year = {2019},
  volume = {218},
  pages = {1511--30},
  pubmed = {30824489}
}

@article{Nelles2016,
  author = {Nelles, DA and Fang, MY and O’Connell, MR and Xu, JL and Markmiller, SJ and Doudna, JA and others},
  title = {Programmable RNA tracking in live cells with CRISPR/Cas9},
  journal = {Cell},
  year = {2016},
  volume = {165},
  pages = {488--96},
  pubmed = {26997482}
}

@article{Nieves2018,
  author = {Nieves, DJ and Gaus, K and Baker, MAB},
  title = {DNA-Based Super-Resolution Microscopy: DNA-PAINT},
  journal = {Genes (Basel)},
  year = {2018},
  volume = {9}
}

@article{Nozaki2017,
  author = {Nozaki, T and Imai, R and Tanbo, M and Nagashima, R and Tamura, S and Tani, T and others},
  title = {Dynamic organization of chromatin domains revealed by super-resolution live-cell imaging},
  journal = {Mol Cell},
  year = {2017},
  volume = {67},
  pages = {282--93.e7},
  pubmed = {28712725}
}

@article{OConnell2019,
  author = {O’Connell, MR},
  title = {Molecular mechanisms of RNA targeting by Cas13-containing Type VI CRISPR-Cas systems},
  journal = {J Mol Biol},
  year = {2019},
  volume = {431},
  pages = {66--87},
  pubmed = {29940185}
}

@article{Pavani2009,
  author = {Pavani, SR and Thompson, MA and Biteen, JS and Lord, SJ and Liu, N and Twieg, RJ and others},
  title = {Three-dimensional, single-molecule fluorescence imaging beyond the diffraction limit by using a double-helix point spread function},
  journal = {Proc Natl Acad Sci U S A},
  year = {2009},
  volume = {106},
  pages = {2995--9},
  pubmed = {19211795}
}

@article{Poirier2009,
  author = {Poirier, MG and Oh, E and Tims, HS and Widom, J},
  title = {Dynamics and function of compact nucleosome arrays},
  journal = {Nature Structural & Molecular Biology},
  year = {2009},
  volume = {16},
  pages = {938--44}
}

@article{Ricci2015,
  author = {Ricci, MA and Manzo, C and Garcia-Parajo, MF and Lakadamyali, M and Cosma, MP},
  title = {Chromatin fibers are formed by heterogeneous groups of nucleosomes in vivo},
  journal = {Cell},
  year = {2015},
  volume = {160},
  pages = {1145--58},
  pubmed = {25768910}
}

@article{Roukos2013,
  author = {Roukos, V and Voss, TC and Schmidt, CK and Lee, S and Wangsa, D and Misteli, T},
  title = {Spatial dynamics of chromosome translocations in living cells},
  journal = {Science},
  year = {2013},
  volume = {341},
  pages = {660--4},
  pubmed = {23929981}
}

@article{Saad2014,
  author = {Saad, H and Gallardo, F and Dalvai, M and Tanguy-le-Gac, N and Lane, D and Bystricky, K},
  title = {DNA dynamics during early double-strand break processing revealed by non-intrusive imaging of living cells},
  journal = {PLoS Genet},
  year = {2014},
  volume = {10},
  pages = {e1004187},
  pubmed = {24625580}
}

@article{SalvadorMoreno2019,
  author = {Salvador Moreno, N and Liu, J and Haas, KM and Parker, LL and Chakraborty, C and Kron, SJ and others},
  title = {The nuclear structural protein NuMA is a negative regulator of 53BP1 in DNA double-strand break repair},
  journal = {Nucleic Acids Res},
  year = {2019},
  volume = {47},
  pages = {2703--15},
  pubmed = {30812030}
}

@article{Sbalzarini2005,
  author = {Sbalzarini, IF and Koumoutsakos, P},
  title = {Feature point tracking and trajectory analysis for video imaging in cell biology},
  journal = {J Struct Biol},
  year = {2005},
  volume = {151},
  pages = {182--95},
  pubmed = {16043363}
}

@article{Schindele2018,
  author = {Schindele, P and Wolter, F and Puchta, H},
  title = {Transforming plant biology and breeding with CRISPR/Cas9, Cas12 and Cas13},
  journal = {FEBS Lett},
  year = {2018},
  volume = {592},
  pages = {1954--67},
  pubmed = {29710373}
}

@article{Schoen2011,
  author = {Schoen, I and Ries, J and Klotzsch, E and Ewers, H and Vogel, V},
  title = {Binding-activated localization microscopy of DNA structures},
  journal = {Nano Lett},
  year = {2011},
  volume = {11},
  pages = {4008--11},
  pubmed = {21838238}
}

@article{Serge2008,
  author = {Serge, A and Bertaux, N and Rigneault, H and Marguet, D},
  title = {Dynamic multiple-target tracing to probe spatiotemporal cartography of cell membranes},
  journal = {Nat Methods},
  year = {2008},
  volume = {5},
  pages = {687--94},
  pubmed = {18604216}
}

@article{Shafique2005,
  author = {Shafique, K and Shah, M},
  title = {A noniterative greedy algorithm for multiframe point correspondence},
  journal = {IEEE Trans Pattern Anal Mach Intell},
  year = {2005},
  volume = {27},
  pages = {51--65},
  pubmed = {15628268}
}

@article{Shah2018,
  author = {Shah, S and Takei, Y and Zhou, W and Lubeck, E and Yun, J and Eng, CL and others},
  title = {Dynamics and spatial genomics of the nascent transcriptome by intron seqFISH},
  journal = {Cell},
  year = {2018},
  volume = {174},
  pages = {363--76.e16},
  pubmed = {29887381}
}

@article{Shechner2015,
  author = {Shechner, DM and Hacisuleyman, E and Younger, ST and Rinn, JL},
  title = {Multiplexable, locus-specific targeting of long RNAs with CRISPR-Display},
  journal = {Nat Methods},
  year = {2015},
  volume = {12},
  pages = {664--70},
  pubmed = {26030444}
}

@article{Shukron2017a,
  author = {Shukron, O and Holcman, D},
  title = {Statistics of randomly cross-linked polymer models to interpret chromatin conformation capture data},
  journal = {Phys Rev E},
  year = {2017},
  volume = {96},
  pages = {012503},
  pubmed = {29347098}
}

@article{Shukron2017b,
  author = {Shukron, O and Holcman, D},
  title = {Transient chromatin properties revealed by polymer models and stochastic simulations constructed from chromosomal capture data},
  journal = {PLoS Comput Biol},
  year = {2017},
  volume = {13},
  pages = {e1005469},
  pubmed = {28369076}
}

@article{Shukron2019,
  author = {Shukron, O and Seeber, A and Amitai, A and Holcman, D},
  title = {Advances using single-particle trajectories to reconstruct chromatin organization and dynamics},
  journal = {Trends Genet},
  year = {2019},
  volume = {35},
  pages = {685--705},
  pubmed = {31371030}
}

@article{Smith2004,
  author = {Smith, PJ and Wiltshire, M and Errington, RJ},
  title = {DRAQ5 labeling of nuclear DNA in live and fixed cells},
  journal = {Curr Protoc Cytom},
  year = {2004},
  chapter = {7},
  pages = {Unit 7 25}
}

@book{Smith2011,
  author = {Smith, S},
  title = {The Scientist and Engineer's Guide to Digital Signal Processing},
  publisher = {California Technical Publishing},
  year = {2011}
}

@article{Sotiras2013,
  author = {Sotiras, A and Davatzikos, C and Paragios, N},
  title = {Deformable medical image registration: a survey},
  journal = {IEEE Trans Med Imaging},
  year = {2013},
  volume = {32},
  pages = {1153--90},
  pubmed = {23739795}
}

@article{Sparks2018,
  author = {Sparks, H and Kondo, H and Hooper, S and Munro, I and Kennedy, G and Dunsby, C and others},
  title = {Heterogeneity in tumor chromatin-doxorubicin binding revealed by in vivo fluorescence lifetime imaging confocal endomicroscopy},
  journal = {Nat Commun},
  year = {2018},
  volume = {9},
  pages = {2662},
  pubmed = {29985394}
}

@article{Stagge2013,
  author = {Stagge, F and Mitronova, GY and Belov, VN and Wurm, CA and Jakobs, S},
  title = {SNAP-, CLIP- and Halo-tag labelling of budding yeast cells},
  journal = {PLoS One},
  year = {2013},
  volume = {8},
  pages = {e78745},
  pubmed = {24205303}
}

@article{Sternberg1983,
  author = {Sternberg, S},
  title = {Biomedical Image Processing},
  journal = {IEEE Computer},
  year = {1983},
  pages = {22--34}
}

@article{Tasan2018,
  author = {Tasan, I and Sustackova, G and Zhang, L and Kim, J and Sivaguru, M and HamediRad, M and others},
  title = {CRISPR/Cas9-mediated knock-in of an optimized TetO repeat for live cell imaging of endogenous loci},
  journal = {Nucleic Acids Res},
  year = {2018},
  volume = {46},
  pages = {e100},
  pubmed = {29912475}
}

@article{Thanisch2014,
  author = {Thanisch, K and Schneider, K and Morbitzer, R and Solovei, I and Lahaye, T and Bultmann, S and others},
  title = {Targeting and tracing of specific DNA sequences with dTALEs in living cells},
  journal = {Nucleic Acids Res},
  year = {2014},
  volume = {42},
  pages = {e38},
  pubmed = {24371265}
}

@article{Thompson2010,
  author = {Thompson, MA and Lew, MD and Badieirostami, M and Moerner, WE},
  title = {Localizing and tracking single nanoscale emitters in three dimensions with high spatiotemporal resolution using a double-helix point spread function},
  journal = {Nano Lett},
  year = {2010},
  volume = {10},
  pages = {211--8},
  pubmed = {20000821}
}

@article{Tokunaga2008,
  author = {Tokunaga, M and Imamoto, N and Sakata-Sogawa, K},
  title = {Highly inclined thin illumination enables clear single-molecule imaging in cells},
  journal = {Nat Methods},
  year = {2008},
  volume = {5},
  pages = {159--61},
  pubmed = {18176568}
}

@article{Tomer2011,
  author = {Tomer, R and Khairy, K and Keller, PJ},
  title = {Shedding light on the system: studying embryonic development with light sheet microscopy},
  journal = {Curr Opin Genet Dev},
  year = {2011},
  volume = {21},
  pages = {558--65},
  pubmed = {21862314}
}

@article{Tutucci2018,
  author = {Tutucci, E and Livingston, NM and Singer, RH and Wu, B},
  title = {Imaging mRNA In Vivo, from Birth to Death},
  journal = {Annu Rev Biophys},
  year = {2018},
  volume = {47},
  pages = {85--106},
  pubmed = {29345990}
}

@article{Tyagi2009,
  author = {Tyagi, S},
  title = {Imaging intracellular RNA distribution and dynamics in living cells},
  journal = {Nat Methods},
  year = {2009},
  volume = {6},
  pages = {331--8},
  pubmed = {19404252}
}

@article{Verdaasdonk2013,
  author = {Verdaasdonk, JS and Vasquez, PA and Barry, RM and Barry, T and Goodwin, S and Forest, MG and others},
  title = {Centromere tethering confines chromosome domains},
  journal = {Mol Cell},
  year = {2013},
  volume = {52},
  pages = {819--31},
  pubmed = {24268574}
}

@article{Vidi2014,
  author = {Vidi, PA and Liu, J and Salles, D and Jayaraman, S and Dorfman, G and Gray, M and others},
  title = {NuMA promotes homologous recombination repair by regulating the accumulation of the ISWI ATPase SNF2h at DNA breaks},
  journal = {Nucleic Acids Research},
  year = {2014},
  volume = {42},
  pages = {6365--79},
  pubmed = {24753406}
}

@article{Walter2003,
  author = {Walter, J and Schermelleh, L and Cremer, M and Tashiro, S and Cremer, T},
  title = {Chromosome order in HeLa cells changes during mitosis and early G1, but is stably maintained during subsequent interphase stages},
  journal = {J Cell Biol},
  year = {2003},
  volume = {160},
  pages = {685--97},
  pubmed = {12604593}
}

@article{Wang2014,
  author = {Wang, S and Moffitt, JR and Dempsey, GT and Xie, XS and Zhuang, X},
  title = {Characterization and development of photoactivatable fluorescent proteins for single-molecule-based superresolution imaging},
  journal = {Proc Natl Acad Sci U S A},
  year = {2014},
  volume = {111},
  pages = {8452--7},
  pubmed = {24912163}
}

@article{Wang2016,
  author = {Wang, S and Su, JH and Zhang, F and Zhuang, X},
  title = {An RNA-aptamer-based two-color CRISPR labeling system},
  journal = {Sci Rep},
  year = {2016},
  volume = {6},
  pages = {26857},
  pubmed = {27229896}
}

@article{Wang2011,
  author = {Wang, W and Li, GW and Chen, C and Xie, XS and Zhuang, X},
  title = {Chromosome organization by a nucleoid-associated protein in live bacteria},
  journal = {Science},
  year = {2011},
  volume = {333},
  pages = {1445--9},
  pubmed = {21903814}
}

@article{Wasim2018,
  author = {Wasim, L and Treanor, B},
  title = {Single-Particle Tracking of Cell Surface Proteins},
  journal = {Methods Mol Biol},
  year = {2018},
  volume = {1707},
  pages = {183--92},
  pubmed = {29388108}
}

@article{Weigert2018,
  author = {Weigert, M and Schmidt, U and Boothe, T and Muller, A and Dibrov, A and Jain, A and others},
  title = {Content-aware image restoration: pushing the limits of fluorescence microscopy},
  journal = {Nat Methods},
  year = {2018},
  volume = {15},
  pages = {1090--7},
  pubmed = {30478326}
}

@article{Weber2012,
  author = {Weber, SC and Spakowitz, AJ and Theriot, JA},
  title = {Nonthermal ATP-dependent fluctuations contribute to the in vivo motion of chromosomal loci},
  journal = {Proc Natl Acad Sci U S A},
  year = {2012},
  volume = {109},
  pages = {7338--43},
  pubmed = {22517744}
}

@article{Wieser2008,
  author = {Wieser, S and Schutz, GJ},
  title = {Tracking single molecules in the live cell plasma membrane-Do’s and Don’t’s},
  journal = {Methods},
  year = {2008},
  volume = {46},
  pages = {131--40},
  pubmed = {18634880}
}

@article{Wiesmeijer2008,
  author = {Wiesmeijer, K and Krouwels, IM and Tanke, HJ and Dirks, RW},
  title = {Chromatin movement visualized with photoactivable GFP-labeled histone H4},
  journal = {Differentiation},
  year = {2008},
  volume = {76},
  pages = {83--90},
  pubmed = {18021258}
}

@article{Winter2012,
  author = {Winter, MR and Fang, C and Banker, G and Roysam, B and Cohen, AR},
  title = {Axonal transport analysis using Multitemporal Association Tracking},
  journal = {Int J Comput Biol Drug Des},
  year = {2012},
  volume = {5},
  pages = {35--48},
  pubmed = {22436297}
}

@article{Woodworth2021,
  author = {Woodworth, MA and Ng, KKH and Halpern, AR and Pease, NA and Nguyen, PHB and Kueh, HY and others},
  title = {Multiplexed single-cell profiling of chromatin states at genomic loci by expansion microscopy},
  journal = {Nucleic Acids Res},
  year = {2021},
  volume = {49},
  pages = {e82},
  pubmed = {34048564}
}

@article{Wu2021,
  author = {Wu, Y and Han, X and Su, Y and Glidewell, M and Daniels, JS and Liu, J and others},
  title = {Multiview confocal super-resolution microscopy},
  journal = {Nature},
  year = {2021},
  volume = {600},
  pages = {279--84},
  pubmed = {34837071}
}

@article{Xia2019,
  author = {Xia, C and Fan, J and Emanuel, G and Hao, J and Zhuang, X},
  title = {Spatial transcriptome profiling by MERFISH reveals subcellular RNA compartmentalization and cell cycle-dependent gene expression},
  journal = {Proc Natl Acad Sci U S A},
  year = {2019},
  volume = {116},
  pages = {19490--9},
  pubmed = {31501331}
}

@article{Xu2020,
  author = {Xu, J and Ma, H and Ma, H and Jiang, W and Mela, CA and Duan, M and others},
  title = {Super-resolution imaging reveals the evolution of higher-order chromatin folding in early carcinogenesis},
  journal = {Nat Commun},
  year = {2020},
  volume = {11},
  pages = {1899},
  pubmed = {32313005}
}

@article{Xu2018,
  author = {Xu, J and Ma, H and Jin, J and Uttam, S and Fu, R and Huang, Y and others},
  title = {Super-Resolution Imaging of Higher-Order Chromatin Structures at Different Epigenomic States in Single Mammalian Cells},
  journal = {Cell Rep},
  year = {2018},
  volume = {24},
  pages = {873--82},
  pubmed = {30044984}
}

@article{Yang2008,
  author = {Yang, S and Kohler, D and Teller, K and Cremer, T and Le Baccon, P and Heard, E and others},
  title = {Nonrigid registration of 3-D multichannel microscopy images of cell nuclei},
  journal = {IEEE Trans Image Process},
  year = {2008},
  volume = {17},
  pages = {493--9},
  pubmed = {18390358}
}

@article{Yukawa2018,
  author = {Yukawa, H and Baba, Y},
  title = {In Vivo Imaging Technology of Transplanted Stem Cells Using Quantum Dots for Regenerative Medicine},
  journal = {Anal Sci},
  year = {2018},
  volume = {34},
  pages = {525--32},
  pubmed = {29743422}
}

@article{Zalatan2015,
  author = {Zalatan, JG and Lee, ME and Almeida, R and Gilbert, LA and Whitehead, EH and La Russa, M and others},
  title = {Engineering complex synthetic transcriptional programs with CRISPR RNA scaffolds},
  journal = {Cell},
  year = {2015},
  volume = {160},
  pages = {339--50},
  pubmed = {25533786}
}

@article{Zavoiura2020,
  author = {Zavoiura, O and Resch-Genger, U and Seitz, O},
  title = {Reactive Quantum Dot-Based FRET Systems for Target-Catalyzed Detection of RNA},
  journal = {Methods Mol Biol},
  year = {2020},
  volume = {2105},
  pages = {187--98},
  pubmed = {32088871}
}

@article{Zhang2018,
  author = {Zhang, C and Cerveira, E and Rens, W and Yang, F and Lee, C},
  title = {Multicolor Fluorescence In Situ Hybridization (FISH) Approaches for Simultaneous Analysis of the Entire Human Genome},
  journal = {Curr Protoc Hum Genet},
  year = {2018},
  volume = {99},
  pages = {e70},
  pubmed = {30215889}
}

@article{Zheng2013,
  author = {Zheng, J and Qian, K},
  title = {Designing single LED illumination distribution for direct-type backlight},
  journal = {Appl Opt},
  year = {2013},
  volume = {52},
  pages = {7022--7},
  pubmed = {24085218}
}

@article{Zhong2020,
  author = {Zhong, Y and Wang, G},
  title = {Three-Dimensional Single Particle Tracking and Its Applications in Confined Environments},
  journal = {Annu Rev Anal Chem (Palo Alto Calif)},
  year = {2020},
  volume = {13},
  pages = {381--403},
  pubmed = {32097571}
}

@article{Zitova2003,
  author = {Zitová, B and Flusser, J},
  title = {Image Registration Methods: A Survey},
  journal = {Image & Vision Computing},
  year = {2003},
  volume = {21},
  pages = {977--1000}
}

