@article{Seitz2024BRD4,
  author = {Clayton Seitz and Donghong Fu and Mengyuan Liu and Hailan Ma and Jing Liu},
  title = {BRD4 phosphorylation regulates the structure of chromatin nanodomains},
  journal = {In Review},
  year = {2024},
  note = {* Co-first authors, # Corresponding authors}
}

@article{Seitz2024Quantum,
  author = {Clayton Seitz and Jing Liu},
  title = {Quantum enhanced localization microscopy with a single photon avalanche diode array},
  journal = {In Review},
  year = {2024}
}

@article{Seitz2024Uncertainty,
  author = {Clayton Seitz and Jing Liu},
  title = {Uncertainty-Aware Localization Microscopy by Variational Diffusion},
  journal = {In Review},
  year = {2024}
}

