@article{Zhang2007,
author = {Bo Zhang and Josiane Zerubia and Jean-Christophe Olivo-Marin},
journal = {Appl. Opt.},
keywords = {Numerical approximation and analysis; Microscopy; Confocal microscopy; Fluorescence microscopy; Three-dimensional microscopy; Confocal laser scanning microscopy; Confocal microscopy; Fluorescence microscopy; Fourier transforms; Laser modes; Scanning microscopy},
number = {10},
pages = {1819--1829},
publisher = {Optica Publishing Group},
title = {Gaussian approximations of fluorescence microscope point-spread function models},
volume = {46},
month = {Apr},
year = {2007},
url = {https://opg.optica.org/ao/abstract.cfm?URI=ao-46-10-1819},
doi = {10.1364/AO.46.001819},
}

@article{Ta2010,
title = "An Extended Scheme for Counting Fluorescent Molecules by Photon-Antibunching",
author = "Haisen Ta and Juergen Wolfrum and Dirk-Peter Herten",
year = "2010",
doi = "10.1134/S1054660X09170204",
language = "English",
journal = "Laser Physics",
issn = "1054-660X",
publisher = "Maik Nauka-Interperiodica Publishing",
}

@article{Fujita2007,
  author = {K. Fujita and others},
  journal = {Phys. Rev. Lett.},
  volume = {99},
  pages = {228105},
  year = {2007}
}

@article{Gustafsson2005,
  author = {M.G.L. Gustafsson},
  journal = {Proc. Nat. Acad. Sci.},
  volume = {102},
  pages = {13081},
  year = {2005}
}

@article{Hell1994,
  author = {S. Hell and J. Wichmann},
  journal = {Optics Letters},
  volume = {19},
  pages = {780},
  year = {1994}
}

@article{Betzig2006,
  author = {E. Betzig and others},
  journal = {Science},
  volume = {313},
  pages = {1642},
  year = {2006}
}

@article{Hess2006,
  author = {S. Hess, T. Girirajan, and M. Mason},
  journal = {Biophysical Journal},
  volume = {91},
  pages = {4258},
  year = {2006}
}

@article{Rust2006,
  author = {M.J. Rust and X. Zhuang},
  journal = {Nature Methods},
  volume = {3},
  pages = {793},
  year = {2006}
}

@article{Dertinger2009,
  author = {T. Dertinger and others},
  journal = {Proc. Nat. Acad. Sci.},
  volume = {106},
  pages = {22287},
  year = {2009}
}

@article{Lidke2005,
  author = {K. Lidke and others},
  journal = {Optics Express},
  volume = {13},
  pages = {7052},
  year = {2005}
}

@article{Giovannetti2004,
  author = {V. Giovannetti, S. Lloyd, and L. Maccone},
  journal = {Science},
  volume = {306},
  pages = {1330},
  year = {2004}
}

@article{Brida2010,
  author = {G. Brida, M. Genovese, and I. Berchera},
  journal = {Nature Photonics},
  volume = {4},
  pages = {227},
  year = {2010}
}

@article{DAngelo2001,
  author = {M. D'Angelo, M.V. Chekhova, and Y. Shih},
  journal = {Phys. Rev. Lett.},
  volume = {87},
  pages = {013602},
  year = {2001}
}

@article{Afek2010,
  author = {I. Afek, O. Ambar, and Y. Silberberg},
  journal = {Science},
  volume = {328},
  pages = {879},
  year = {2010}
}

@article{Walther2004,
  author = {P. Walther and others},
  journal = {Nature},
  volume = {429},
  pages = {158},
  year = {2004}
}

@article{Giovannetti2009,
  author = {V. Giovannetti and others},
  journal = {Physical Review A},
  volume = {79},
  pages = {13827},
  year = {2009}
}

@article{Tsang2009,
  author = {M. Tsang},
  journal = {Phys. Rev. Lett.},
  volume = {102},
  pages = {253601},
  year = {2009}
}

@article{Fonseca1999,
  author = {E. Fonseca, C. Monken, and S. P\'{a}dua},
  journal = {Phys. Rev. Lett.},
  volume = {82},
  pages = {2868},
  year = {1999}
}

@article{Nogueira2001,
  author = {W.A.T. Nogueira and others},
  journal = {Phys. Rev. Lett.},
  volume = {86},
  pages = {4009},
  year = {2001}
}

@article{Muthukrishnan2004,
  author = {A. Muthukrishnan, M. Scully, and M. Zubairy},
  journal = {Journal of Optics B},
  volume = {6},
  pages = {S575},
  year = {2004}
}

@article{Thiel2007,
  author = {C. Thiel and others},
  journal = {Phys. Rev. Lett.},
  volume = {99},
  pages = {133603},
  year = {2007}
}

@article{Kimble1977,
  author = {H. Kimble, M. Dagenais, and L. Mandel},
  journal = {Phys. Rev. Lett.},
  volume = {39},
  pages = {691},
  year = {1977}
}

@article{Walls1981,
  author = {D.F. Walls and P. Zoller},
  journal = {Phys. Rev. Lett.},
  volume = {47},
  pages = {709},
  year = {1981}
}

@article{Mandel1979,
  author = {L. Mandel},
  journal = {Opt. Lett.},
  volume = {4},
  pages = {205},
  year = {1979}
}

@article{Brouri2000,
  author = {R. Brouri and others},
  journal = {Opt. Lett.},
  volume = {25},
  pages = {1294},
  year = {2000}
}

@article{Lounis2000,
  author = {B. Lounis and others},
  journal = {Chem. Phys. Lett.},
  volume = {329},
  pages = {399},
  year = {2000}
}

@article{Ambrose1997,
  author = {W. Patrick Ambrose and others},
  journal = {Chem. Phys. Lett.},
  volume = {269},
  pages = {365},
  year = {1997}
}

@article{Dertinger2010,
  author = {T. Dertinger and others},
  journal = {Opt. Exp.},
  volume = {18},
  pages = {18875},
  year = {2010}
}

@book{Kendall1977,
  author = {M. Kendall and A. Stuart},
  title = {The advanced theory of statistics. Vol.1: Distribution theory},
  year = {1977}
}

@article{Schwartz2009,
  author = {O. Schwartz and D. Oron},
  journal = {Opt. Lett.},
  volume = {34},
  pages = {464},
  year = {2009}
}

@article{Chen2008,
  author = {Y. Chen and others},
  journal = {J. Am. Chem. Soc.},
  volume = {130},
  pages = {5026},
  year = {2008}
}

@article{Guerrieri2010,
  author = {F. Guerrieri and others},
  journal = {Phys. Rev. Lett.},
  volume = {105},
  pages = {163602},
  year = {2010}
}

@article{Lita2008,
  author = {A. Lita, A. Miller, and S. Nam},
  journal = {Opt. Exp.},
  volume = {16},
  pages = {3032},
  year = {2008}
}

